{
  "leader": "01865cam a2200397Ia 4500",
  "fields": [
    {
      "001": "ocn230751537"
    },
    {
      "003": "OCoLC"
    },
    {
      "005": "20221221151202.0"
    },
    {
      "008": "050105s1956\\\\\\\\ctuaef\\\\\\c\\\\\\\\000\\0\\eng\\d"
    },
    {
      "040": {
        "ind1": "\\",
        "ind2": "\\",
        "subfields": [
          {
            "a": "AUD"
          },
          {
            "b": "eng"
          },
          {
            "c": "AUD"
          },
          {
            "d": "OCLCO"
          },
          {
            "d": "OCLCF"
          },
          {
            "d": "OCLCQ"
          },
          {
            "d": "OCLCO"
          },
          {
            "d": "OCLCQ"
          },
          {
            "d": "OCLCO"
          }
        ]
      }
    },
    {
      "035": {
        "ind1": "\\",
        "ind2": "\\",
        "subfields": [
          {
            "a": "(OCoLC)230751537"
          }
        ]
      }
    },
    {
      "043": {
        "ind1": "\\",
        "ind2": "\\",
        "subfields": [
          {
            "a": "a-sy---"
          }
        ]
      }
    },
    {
      "050": {
        "ind1": "\\",
        "ind2": "4",
        "subfields": [
          {
            "a": "BM389.D87"
          },
          {
            "b": "K73 1956"
          }
        ]
      }
    },
    {
      "082": {
        "ind1": "0",
        "ind2": "4",
        "subfields": [
          {
            "a": "296"
          },
          {
            "b": "KRA"
          }
        ]
      }
    },
    {
      "100": {
        "ind1": "1",
        "ind2": "\\",
        "subfields": [
          {
            "a": "Kraeling, Carl H."
          },
          {
            "q": "(Carl Hermann),"
          },
          {
            "d": "1897-1966."
          }
        ]
      }
    },
    {
      "245": {
        "ind1": "1",
        "ind2": "4",
        "subfields": [
          {
            "a": "The excavations at Dura-Europos conducted by Yale University and the French Academy of Inscriptions and Letters."
          },
          {
            "n": "Final report 8 pt. 1,"
          },
          {
            "p": "The synagogue /"
          },
          {
            "c": "by Carl H. Kraeling ; with contributions by C.C. Torrey, C.B. Welles, and B. Geiger ; edited by A.R. Bellinger [and others]."
          }
        ]
      }
    },
    {
      "260": {
        "ind1": "\\",
        "ind2": "\\",
        "subfields": [
          {
            "a": "New Haven :"
          },
          {
            "b": "Yale University Press ;"
          },
          {
            "a": "London :"
          },
          {
            "b": "Geoffrey Cumberlege, Oxford University Press,"
          },
          {
            "c": "1956."
          }
        ]
      }
    },
    {
      "300": {
        "ind1": "\\",
        "ind2": "\\",
        "subfields": [
          {
            "a": "xviii, 402 pages, lxxviii pages of plates, xii folded leaves :"
          },
          {
            "b": "illustrations, plans ;"
          },
          {
            "c": "31 cm"
          }
        ]
      }
    },
    {
      "336": {
        "ind1": "\\",
        "ind2": "\\",
        "subfields": [
          {
            "a": "text"
          },
          {
            "b": "txt"
          },
          {
            "2": "rdacontent"
          }
        ]
      }
    },
    {
      "337": {
        "ind1": "\\",
        "ind2": "\\",
        "subfields": [
          {
            "a": "unmediated"
          },
          {
            "b": "n"
          },
          {
            "2": "rdamedia"
          }
        ]
      }
    },
    {
      "338": {
        "ind1": "\\",
        "ind2": "\\",
        "subfields": [
          {
            "a": "volume"
          },
          {
            "b": "nc"
          },
          {
            "2": "rdacarrier"
          }
        ]
      }
    },
    {
      "490": {
        "ind1": "1",
        "ind2": "\\",
        "subfields": [
          {
            "a": "The excavations at Dura-Europos. Final report ;"
          },
          {
            "v": "8.1"
          }
        ]
      }
    },
    {
      "650": {
        "ind1": "\\",
        "ind2": "0",
        "subfields": [
          {
            "a": "Synagogues"
          },
          {
            "z": "Syria"
          },
          {
            "z": "Dura-Europos (Extinct city)"
          }
        ]
      }
    },
    {
      "650": {
        "ind1": "\\",
        "ind2": "0",
        "subfields": [
          {
            "a": "Excavations (Archaeology)"
          },
          {
            "z": "Syria"
          },
          {
            "z": "Dura-Europos (Extinct city)"
          }
        ]
      }
    },
    {
      "651": {
        "ind1": "\\",
        "ind2": "0",
        "subfields": [
          {
            "a": "Dura-Europos (Extinct city)"
          }
        ]
      }
    },
    {
      "650": {
        "ind1": "\\",
        "ind2": "7",
        "subfields": [
          {
            "a": "Excavations (Archaeology)"
          },
          {
            "2": "fast"
          },
          {
            "0": "(OCoLC)fst00917564"
          }
        ]
      }
    },
    {
      "650": {
        "ind1": "\\",
        "ind2": "7",
        "subfields": [
          {
            "a": "Synagogues."
          },
          {
            "2": "fast"
          },
          {
            "0": "(OCoLC)fst01141042"
          }
        ]
      }
    },
    {
      "651": {
        "ind1": "\\",
        "ind2": "7",
        "subfields": [
          {
            "a": "Syria"
          },
          {
            "z": "Dura-Europos (Extinct city)"
          },
          {
            "2": "fast"
          },
          {
            "0": "(OCoLC)fst01896912"
          }
        ]
      }
    },
    {
      "700": {
        "ind1": "1",
        "ind2": "\\",
        "subfields": [
          {
            "a": "Bellinger, Alfred R."
          },
          {
            "q": "(Alfred Raymond),"
          },
          {
            "d": "1893-1978."
          }
        ]
      }
    },
    {
      "710": {
        "ind1": "2",
        "ind2": "\\",
        "subfields": [
          {
            "a": "Yale University."
          }
        ]
      }
    },
    {
      "710": {
        "ind1": "2",
        "ind2": "\\",
        "subfields": [
          {
            "a": "Academie des inscriptions et belles-lettres."
          }
        ]
      }
    },
    {
      "740": {
        "ind1": "0",
        "ind2": "\\",
        "subfields": [
          {
            "a": "Synagogue."
          }
        ]
      }
    },
    {
      "830": {
        "ind1": "\\",
        "ind2": "0",
        "subfields": [
          {
            "a": "Excavations at Dura-Europos."
          },
          {
            "p": "Final report ;"
          },
          {
            "v": "8.1."
          }
        ]
      }
    },
    {
      "994": {
        "ind1": "\\",
        "ind2": "\\",
        "subfields": [
          {
            "a": "Z0"
          },
          {
            "b": "NYRVC"
          }
        ]
      }
    },
    {
      "948": {
        "ind1": "\\",
        "ind2": "\\",
        "subfields": [
          {
            "h": "NO HOLDINGS IN NYRVC - 2 OTHER HOLDINGS"
          }
        ]
      }
    },
    {
      "999": {
        "ind1": "\\",
        "ind2": "\\",
        "subfields": [
          {
            "a": "00000000010855"
          }
        ]
      }
    }
  ]
}